@misc{makingmead,
	author={American Homebrewers Association},
	title={Making Mead},
	note={Retrieved from https://www.homebrewersassociation.org/how-to-brew/mead/making-mead/}
}

@misc{teensy,
	author={Paul},
	title={PJRC},
	note={Retrieved from https://www.pjrc.com/teensy/teensy31.html}
}

@misc{datasheet,
	author={PJRC},
	title={K20 Sub-Family Reference Manual},
	note={Retrieved from https://www.pjrc.com/teensy/K20P64M72SF1RM.pdf}
}

@misc{thermocouple,
	author={OMEGA},
	title={Thermocouples},
	note={Retrieved from http://www.omega.com/prodinfo/thermocouples.html}
}

@misc{peltier,
	author={The Heatsink Guide},
	title={Peltier Guide, Part 1},
	note={Retrieved from http://www.heatsink-guide.com/peltier.htm}
}

@misc{nrf,
	author={Nordic Semiconductor},
	title={nRF24L01 Preliminary Product Specification v1.0}
}

@Book{RussellNorvig,
author={Norvig, Peter
and Davis, Ernest
and Russell, Stuart J. (Stuart Jonathan)},
title={Artificial intelligence : a modern approach},
year={2010},
publisher={Upper Saddle River, NJ : Prentice Hall},
address={Upper Saddle River, NJ},
keywords={Artificial intelligence},
abstract={In this third edition, the authors have updated the treatment of all major areas. A new organizing principle--the representational dimension of atomic, factored, and structured models--has been added. Significant new material has been provided in areas such as partially observable search, contingency planning, hierarchical planning, relational and first-order probability models, regularization and loss functions in machine learning, kernel methods, Web search engines, information extraction, and learning in vision and robotics. The book also includes hundreds of new exercises.},
note={Includes bibliographical references (pages 1063-1093) and index.}
}

@Book{SuttonBarto,
author={Barto, Andrew G.
and Sutton, Richard S.},
title={Reinforcement learning : an introduction},
year={1998},
publisher={Cambridge, Mass. : MIT Press},
address={Cambridge, Mass.},
keywords={Reinforcement learning},
abstract={"In Reinforcement Learning, Richard Sutton and Andrew Barto provide a clear and simple account of the key ideas and algorithms of reinforcement learning. Their discussion ranges from the history of the field's intellectual foundations to the most recent developments and applications. The only necessary mathematical background is familiarity with elementary concepts of probability."--Jacket.},
note={Includes bibliographical references (p. [291]-312) and index.}
}

@misc{alphago,
	author="Christopher Moyer",
	title="{How Google's AlphaGo Beat a Go World Champion}",
	year="2016",
	note="Retrieved from: http://www.theatlantic.com/technology/archive/2016/03/the-invisible-opponent/475611/"
}


@unpublished{Goodfellow-et-al-2016-Book,
    title={Deep Learning},
    author={Ian Goodfellow and Yoshua Bengio and Aaron Courville},
    note={Book in preparation for MIT Press},
    url={http://www.deeplearningbook.org},
    year={2016}
}

@misc{keras,
	title={Keras: Deep Learning library for Theano and TensorFlow},
	year={2016},
	note="Retrieved from: https://keras.io/"
}

@misc{fann,
	title="FANN",
	year="2016",
	author="Steffen Nissen",
	note="Retrieved from: http://leenissen.dk/fann/wp/"
}

@misc{torch,
	title="torch",
	year="2016",
	note="Retrieved from: http://torch.ch/"
}
