@misc{Pygame,
	author="Fredwordsplat",
	title="{python - Pygame on Android - Stack Overflow}",
	year="2014",
	note="Retrieved from: http://stackoverflow.com/questions/23934370/pygame-on-android"
}

@misc{AndroidStudio,
	author="Google",
	title="{Download Android Studio and SDK Tools | Android Studio}",
	year="2016",
	note="Retrieved from: https://developer.android.com/studio/index.html"
}
@misc{AndroidStats,
	author="Felix Richter",
	title="{Chart: The Price Gap Between iOS and Android Is Widening | Statista}",
	year="2014",
	note="Retrieved from: https://www.statista.com/chart/1903/average-selling-price-of-android-and-ios-smartphones/"
}
@misc{BluStudioX8,
	author="BLUE",
	title="{Amazon.com: BLU Studio X8 HD - 5.0 GSM Unlocked Smartphone -Black: Cell Phones \& Accessories}",
	year="2016",
	note="Retrieved from: https://www.amazon.com/BLU-Studio-X8-HD-Smartphone/dp/B01EYT1URO/ref=pd_lpo_487_lp_t_4?_encoding=UTF8&psc=1&refRID=T4AG83Z5FJRWZG6DNVV8"
}
@misc{ADBPI,
	author="Michal Mig Novotny",
	title="{raspbian - how to install android debug bridge (ADB) on raspberry pi? - Raspberry Pi Stack Exchange}",
	year="2016",
	note="Retrieved from: http://raspberrypi.stackexchange.com/questions/44005/how-to-install-android-debug-bridge-adb-on-raspberry-pi" 
}
@misc{ADBDOCS,
	author="Android",
	title="{Android Debug Bridge | Android Developers}",
	year="2016",
	note="Retrieved from: http://www.androiddocs.com/tools/help/adb.html"
}
@misc{JSONPython,
	author="Python",
	title="{18.2. json â€” JSON encoder and decoder - Python 2.7.12 documentation}",
	year="2016",
	note="Retrieved from: https://docs.python.org/2/library/json.html"
}
@misc{Graphview,
	author="Jonas Gehring",
	title="{Android Graph View plotting library}",
	year="2016",
	note="Retrieved from: http://www.android-graphview.org/"
}
